@book{davison,
  author    = {A. C. Davison and D. V. Hinkley},
  year      = {1997},
  title     = {Bootstrap methods and their application},
  publisher = {Cambridge University Press}
}

 @book{efron:intro,
  title     = {An introduction to the bootstrap},
  isbn      = {9780412042317},
  publisher = {Boca Raton, Fla Chapman \& Hall/Crc},
  author    = {Efron, Bradley and Tibshirani, Robert},
  year      = {1998}
}

 @article{efron:boot-methods,
  title   = {Bootstrap Methods: Another Look at the Jackknife},
  volume  = {7},
  doi     = {https://doi.org/10.1214/aos/1176344552},
  number  = {1},
  journal = {The Annals of Statistics},
  author  = {Efron, B.},
  year    = {1979},
  month   = {Jan},
  pages   = {1–26}
}
‌

 @book{seber,
  place     = {Hoboken, N.J.},
  title     = {Linear regression analysis},
  isbn      = {9780471415404},
  publisher = {Wiley-Interscience},
  author    = {G A F Seber and Lee, A J},
  year      = {2003}
}
‌
‌
@article{mack:chain-ladder,
  author  = {Thomas Mack},
  journal = {Astin Bulletin},
  number  = {2},
  title   = {Distribution-free Calculation of the Standard Error of Chain Ladder Reserve Estimates},
  volume  = {23},
  year    = {1993}
}

@book{wuthrich:stochastic-reserving,
  author    = {Mario V. Wüthrich and Michael Merz},
  publisher = {John Wiley \& Sons},
  title     = {Stochastic Claims Reserving Methods in Insurance},
  year      = {2008}
}

@article{wuthrich:chain-ladder-msep,
  author  = {Mario V. Wüthrich and Markus Buchwalder and Hans Bühlmann and Michael Merz},
  journal = {Astin Bulletin},
  number  = {2},
  title   = {The Mean Square Error of Prediction in the Chain Ladder Reserving Method (Mack and Murphy Revisited)},
  volume  = {36},
  year    = {2006}
}

@article{venter:msep,
  title     = {Discussion of the Mean Square Error of Prediction in the Chain Ladder Reserving Method},
  volume    = {36},
  doi       = {10.1017/S0515036100014665},
  number    = {2},
  journal   = {ASTIN Bulletin: The Journal of the IAA},
  publisher = {Cambridge University Press},
  author    = {Venter, Gary G.},
  year      = {2006},
  pages     = {566–571}
}

@article{gisler:msep,
  title     = {The Estimation Error in the Chain-Ladder Reserving Method: A Bayesian Approach},
  volume    = {36},
  doi       = {10.1017/S0515036100014653},
  number    = {2},
  journal   = {ASTIN Bulletin: The Journal of the IAA},
  publisher = {Cambridge University Press},
  author    = {Gisler, Alois},
  year      = {2006},
  pages     = {554–565}
}

@article{mack:msep,
  title     = {The Mean Square Error of Prediction in the Chain Ladder Reserving Method – A Comment},
  volume    = {36},
  doi       = {10.1017/S051503610001463X},
  number    = {2},
  journal   = {ASTIN Bulletin: The Journal of the IAA},
  publisher = {Cambridge University Press},
  author    = {Mack, Thomas and Quarg, Gerhard and Braun, Christian},
  year      = {2006},
  pages     = {543–552}
}

@inproceedings{mack:chain-ladder-variability,
  title  = {Measuring the Variability of Chain Ladder Reserve Estimates},
  author = {Thomas Mack},
  year   = {1999}
}

@article{england:dist,
  author  = {P. D. England and R. J. Verrall},
  journal = {Annals of Actuarial Science},
  number  = {1},
  title   = {Predictive Distributions of Outstanding Liabilities in General Insurance},
  volume  = {1},
  year    = {2006}
}

@article{lindholm:msep,
  title     = {Estimation of conditional mean squared error of prediction for claims reserving},
  volume    = {14},
  doi       = {10.1017/S174849951900006X},
  number    = {1},
  journal   = {Annals of Actuarial Science},
  publisher = {Cambridge University Press},
  author    = {Lindholm, Mathias and Lindskog, Filip and Wahl, Felix},
  year      = {2020},
  pages     = {93–128}
}


@article{renshaw,
  title     = {A Stochastic Model Underlying the Chain-Ladder Technique},
  volume    = {4},
  doi       = {10.1017/S1357321700000222},
  number    = {4},
  journal   = {British Actuarial Journal},
  publisher = {Cambridge University Press},
  author    = {Renshaw, A.E. and Verrall, R.J.},
  year      = {1998},
  pages     = {903–923}
}


 @book{hayashi,
  address   = {Princeton, Nj ; Oxford},
  title     = {Econometrics},
  isbn      = {9780691010182},
  publisher = {Princeton University Press},
  author    = {Fumio Hayashi},
  year      = {2000}
}
‌
@article{nelder,
  issn      = {00359238},
  author    = {J. A. Nelder and R. W. M. Wedderburn},
  journal   = {Journal of the Royal Statistical Society. Series A (General)},
  number    = {3},
  pages     = {370--384},
  publisher = {[Royal Statistical Society, Wiley]},
  title     = {Generalized Linear Models},
  volume    = {135},
  year      = {1972}
}

 @book{lehmann,
  address   = {New York},
  title     = {Testing statistical hypotheses},
  isbn      = {9781441931788},
  publisher = {Springer},
  author    = {Lehmann, E. L. and Romano, Joseph P.},
  year      = {2010}
}
‌
 @book{yee,
  title     = {Vector Generalized Linear and Additive Models},
  isbn      = {9781493928187},
  publisher = {Springer},
  author    = {Yee, Thomas W},
  year      = {2015},
  month     = {Sep}
}
‌
@article{pinheiro,
  issn      = {00224367, 15396975},
  author    = {Paulo J. R. Pinheiro and João Manuel Andrade e Silva and Maria de Lourdes Centeno},
  journal   = {The Journal of Risk and Insurance},
  number    = {4},
  pages     = {701--714},
  publisher = {[American Risk and Insurance Association, Wiley]},
  title     = {Bootstrap Methodology in Claim Reserving},
  volume    = {70},
  year      = {2003}
}

@article{moulton,
  title   = {Bootstrapping generalized linear models},
  journal = {Computational Statistics \& Data Analysis},
  volume  = {11},
  number  = {1},
  pages   = {53-63},
  year    = {1991},
  issn    = {0167-9473},
  doi     = {https://doi.org/10.1016/0167-9473(91)90052-4},
  author  = {Lawrence H. Moulton and Scott L. Zeger}
}

@article{dunn,
  issn      = {10618600},
  author    = {Peter K. Dunn and Gordon K. Smyth},
  journal   = {Journal of Computational and Graphical Statistics},
  number    = {3},
  pages     = {236--244},
  publisher = {{{Taylor \& Francis, Ltd.}, American Statistical Association, Institute of Mathematical Statistics, Interface Foundation of America}},
  title     = {Randomized Quantile Residuals},
  volume    = {5},
  year      = {1996}
}
